<?xml version="1.0" encoding="UTF-8"?><record xmlns="http://www.loc.gov/MARC21/slim" xmlns:cinclude="http://apache.org/cocoon/include/1.0" xmlns:zs="http://www.loc.gov/zing/srw/">
  <leader>00734cz  a2200217n  4500</leader>
  <controlfield tag="001">n  82039606 </controlfield>
  <controlfield tag="003">DLC</controlfield>
  <controlfield tag="005">20081109075435.0</controlfield>
  <controlfield tag="008">820422n| acannaabn          |a aaa      </controlfield>
  <datafield tag="010" ind1=" " ind2=" ">
    <subfield code="a">n  82039606 </subfield>
  </datafield>
  <datafield tag="035" ind1=" " ind2=" ">
    <subfield code="a">(OCoLC)oca00736638</subfield>
  </datafield>
  <datafield tag="035" ind1=" " ind2=" ">
    <subfield code="a">(Uk)000807150</subfield>
  </datafield>
  <datafield tag="040" ind1=" " ind2=" ">
    <subfield code="a">DLC</subfield>
    <subfield code="b">eng</subfield>
    <subfield code="c">DLC</subfield>
    <subfield code="d">DLC</subfield>
    <subfield code="d">OCoLC</subfield>
    <subfield code="d">Uk</subfield>
  </datafield>
  <datafield tag="053" ind1=" " ind2="0">
    <subfield code="a">PT2667.O76</subfield>
  </datafield>
  <datafield tag="100" ind1="1" ind2=" ">
    <subfield code="a">Gosse, Peter</subfield>
  </datafield>
  <datafield tag="400" ind1="1" ind2=" ">
    <subfield code="a">Gosse, P.</subfield>
    <subfield code="q">(Peter)</subfield>
  </datafield>
  <datafield tag="670" ind1=" " ind2=" ">
    <subfield code="a">His Antennendiagramme, 1967.</subfield>
  </datafield>
  <datafield tag="670" ind1=" " ind2=" ">
    <subfield code="a">Moĭ drug ri︠a︡dom, 1981:</subfield>
    <subfield code="b">verso t.p. (P. Gosse)</subfield>
  </datafield>
  <datafield tag="670" ind1=" " ind2=" ">
    <subfield code="a">USSR81</subfield>
    <subfield code="b">(Gosse, Peter)</subfield>
  </datafield>
  <datafield tag="670" ind1=" " ind2=" ">
    <subfield code="a">His Erwachsene Mitte, 1986:</subfield>
    <subfield code="b">t.p. (Peter Gosse) p. 4 of cover (b. 1938 in Leipzig)</subfield>
  </datafield>
  <datafield tag="670" ind1=" " ind2=" ">
    <subfield code="a">Einstweilige Verfugung, 2006:</subfield>
    <subfield code="b">t.p. (Peter Gosse) p.88 (born 6 Oct. 1938 in Leipzig)</subfield>
  </datafield>
</record>